
@article{deeplabcut,
  Title                    = {DeepLabCut: markerless pose estimation of user-defined body parts with deep learning},
  Journal                  = {Nature Neuroscience},
  Author                   = {Mathis, Alexander and Mamidanna, Pranav and Cury, Kevin M. and Abe, Taiga and Murthy, Venkatesh N. and Mathis, Mackenzie Weygandt and Bethge, Matthias},
  Url                      = {https://doi.org/10.1038/s41593-018-0209-y},
  Year                     = {2018},
}

@book{machine,
  title={Introduction to Machine Learning with Python},
  author={MÃ¼ller, Andreas C. and Guido, Sarah},
  year={2017},
  publisher={O'Reilly}
}

@book{pytorch,
  title={Deep Learning with PyTorch},
  author={Stevens, Eli and Antiga, Luca and Viehmann, Thomas},
  year={2020},
  publisher={Manning}
}

